@article{ref1,
author  = {Kunkel, B N and Brooks, D M},
title   = {Cross talk between signaling pathways in pathogen defense},
journal = {Curr Opin Plant Biol},
year    = {2002},
volume  = {5},
number  = {325},
pages   = {325-331}
}

@article{ref2,
author  = {邹建卫 and 商志才 and 易平贵 and others},
title   = {溶剂效应的 TLSER 描述及其在几类异构化反应中的应用},
journal = {有机化学},
year    = {2000},
volume  = {20},
number  = {4},
pages   = {537-541}
}